<record xmlns="http://www.loc.gov/MARC21/slim" xmlns:xsi="http://www.w3.org/2001/XMLSchema-instance" xsi:schemaLocation="http://www.loc.gov/MARC21/slim http://www.loc.gov/standards/marcxml/schema/MARC21slim.xsd"><leader>     nam a22        4500</leader><controlfield tag="001">38948</controlfield><controlfield tag="003">NNC</controlfield><controlfield tag="006">m        d        </controlfield><controlfield tag="007">cr cn |||m|||a</controlfield><controlfield tag="008">150313s1971    iq      o     000 0 ara d</controlfield><datafield ind1=" " ind2=" " tag="040"><subfield code="a">NNU</subfield><subfield code="b">eng</subfield><subfield code="c">NNU</subfield></datafield><datafield ind1="1" ind2="4" tag="050"><subfield code="a">PJ7826.H298</subfield><subfield code="b">U3</subfield></datafield><datafield ind1="1" ind2=" " tag="100"><subfield code="a">Gharba&#772;wi&#772;, &#699;Abd al-Kari&#772;m Ha&#772;shim.</subfield></datafield><datafield ind1="1" ind2="0" tag="245"><subfield code="a">Ughniya&#772;ti&#772;, shi&#699;r</subfield><subfield code="h">[electronic resource] /</subfield><subfield code="c">&#699;Abd al-Kari&#772;m Ha&#772;shim al-Gharba&#772;wi&#772; ; qaddama lahu wa-&#699;allaqa &#699;alayhi D&#803;iya&#772;&#700; Jawa&#772;d al-Sa&#772;&#699;idi&#772;.</subfield></datafield><datafield ind1=" " ind2=" " tag="260"><subfield code="a">Baghda&#772;d :</subfield><subfield code="b">Mat&#803;ba&#699;at al-Ja&#772;mi&#699;ah,</subfield><subfield code="c">1971.</subfield></datafield><datafield ind1=" " ind2=" " tag="300"><subfield code="a">online resource (74 p.)</subfield></datafield><datafield ind1=" " ind2=" " tag="500"><subfield code="a">Part of the Arabic Collections Online (ACO) project, contributed by Columbia University Libraries.</subfield></datafield><datafield ind1=" " ind2=" " tag="533"><subfield code="a">Electronic reproduction.</subfield><subfield code="b">New York, N.Y. :</subfield><subfield code="c">New York University,</subfield><subfield code="d">2015.</subfield><subfield code="5">NNU</subfield></datafield><datafield ind1="2" ind2=" " tag="710"><subfield code="a">Columbia University.</subfield><subfield code="b">Libraries.</subfield></datafield><datafield ind1="0" ind2=" " tag="730"><subfield code="a">Arabic Collections Online.</subfield></datafield><datafield ind1="0" ind2="8" tag="776"><subfield code="i">Print version:</subfield><subfield code="a">Gharba&#772;wi&#772;, &#699;Abd al-Kari&#772;m Ha&#772;shim.</subfield><subfield code="t">Ughniya&#772;ti&#772;, shi&#699;r</subfield><subfield code="w">(NNC)38948</subfield><subfield code="w">(OCoLC)84289358</subfield></datafield><datafield ind1="4" ind2="0" tag="856"><subfield code="u">http://hdl.handle.net/2333.1/4b8gtm6w</subfield></datafield><datafield ind1=" " ind2=" " tag="959"><subfield code="a">NNU</subfield><subfield code="b">WEB</subfield><subfield code="c">GENI</subfield><subfield code="t">0</subfield><subfield code="m">Electronic access</subfield><subfield code="s">01</subfield></datafield><datafield ind1=" " ind2=" " tag="999"><subfield code="i">NNC_38948</subfield><subfield code="o">(OCoLC)ocm84289358 </subfield><subfield code="s">columbia_aco000462</subfield><subfield code="e">(ERROR-880)</subfield></datafield></record>